<record><leader>00000cas a22000007a 4500</leader><controlfield tag="001">20952235</controlfield><controlfield tag="008">900124d19091914aruwr ne      0    0eng d</controlfield><datafield ind1=" " ind2=" " tag="010"><subfield code="a">sn 89051471 </subfield></datafield><datafield ind1=" " ind2=" " tag="040"><subfield code="a">ANU</subfield><subfield code="b">eng</subfield><subfield code="c">ANU</subfield><subfield code="d">OCLCQ</subfield></datafield><datafield ind1=" " ind2=" " tag="042"><subfield code="a">msc</subfield></datafield><datafield ind1="0" ind2="0" tag="245"><subfield code="a">Mammoth Spring record.</subfield></datafield><datafield ind1=" " ind2=" " tag="260"><subfield code="a">Mammoth Spring, Fulton County, Ark. :</subfield><subfield code="b">J.L. Frazier</subfield></datafield><datafield ind1=" " ind2=" " tag="300"><subfield code="a">v.</subfield></datafield><datafield ind1=" " ind2=" " tag="310"><subfield code="a">Weekly</subfield></datafield><datafield ind1="1" ind2=" " tag="362"><subfield code="a">Began in 1909; ceased in July 1914.</subfield></datafield><datafield ind1=" " ind2=" " tag="580"><subfield code="a">Merged with: Mammoth Spring Democrat (Mammoth Spring, Ark. : 1890), and: State line Republican, to form: Mammoth Spring progress.</subfield></datafield><datafield ind1=" " ind2=" " tag="588"><subfield code="a">Description based on: Vol. 1, no. 30 (May 6, 1910).</subfield></datafield><datafield ind1=" " ind2=" " tag="752"><subfield code="a">United States</subfield><subfield code="b">Arkansas</subfield><subfield code="c">Fulton</subfield><subfield code="d">Mammoth Spring.</subfield></datafield><datafield ind1="1" ind2="7" tag="785"><subfield code="t">Mammoth Spring Democrat (Mammoth Spring, Ark. : 1890)</subfield><subfield code="w">(DLC)sn 89051007</subfield></datafield><datafield ind1="1" ind2="7" tag="785"><subfield code="t">State line Republican</subfield><subfield code="w">(DLC)sn 89051477</subfield></datafield><datafield ind1="1" ind2="7" tag="785"><subfield code="t">Mammoth Spring progress</subfield><subfield code="w">(DLC)sn 89051478</subfield></datafield></record>